@misc{test,
  author = {Mart√≠n De la Fuente (https://stackoverflow.com/users/6535374)},
  howpublished = {Programming},
  title = {Request UAC elevation from within a Python script?},
  year = {2013},
  url = {https://stackoverflow.com/a/41930586}
}